<?xml version="1.0" encoding="UTF-8"?><collection xmlns="http://www.loc.gov/MARC21/slim"><record><leader>00419nam--2200121-i-4500</leader><controlfield tag="001">000003284</controlfield><controlfield tag="002">20161230</controlfield><controlfield tag="005">20161230201025</controlfield><controlfield tag="008">060222s1000------------r-----000-0-eng-d</controlfield><datafield ind1=" " ind2=" " tag="100"><subfield code="a">Bolyai, John</subfield></datafield><datafield ind1=" " ind2=" " tag="245"><subfield code="a">Non euclidian geometry. supplement containing. the science of absolute space by j.bolyai and theory of parallels by n.lobachevski</subfield></datafield><datafield ind1=" " ind2=" " tag="260"><subfield code="a">New York, Dover Publ., 1955. 268 P. + Xxx + 71 P. + 50 P</subfield></datafield><datafield ind1=" " ind2=" " tag="852"><subfield code="a">12910</subfield></datafield></record></collection>